<record><leader>00000cas a22000007a 4500</leader><controlfield tag="001">13918452</controlfield><controlfield tag="008">860723d19332016txuwr ne      0   a0eng d</controlfield><datafield ind1=" " ind2=" " tag="010"><subfield code="a">sn 86088288 </subfield></datafield><datafield ind1=" " ind2=" " tag="040"><subfield code="a">PPM</subfield><subfield code="b">eng</subfield><subfield code="c">PPM</subfield><subfield code="d">OCLCQ</subfield><subfield code="d">DLC</subfield></datafield><datafield ind1=" " ind2=" " tag="012"><subfield code="l">1</subfield></datafield><datafield ind1="1" ind2=" " tag="022"><subfield code="a">2331-7388</subfield><subfield code="2">1</subfield></datafield><datafield ind1=" " ind2=" " tag="037"><subfield code="b">Jerry Pye, 806 Hutchings Ave., Ballinger, Tex. 76821</subfield></datafield><datafield ind1=" " ind2=" " tag="042"><subfield code="a">msc</subfield><subfield code="a">nsdp</subfield></datafield><datafield ind1="1" ind2="0" tag="050"><subfield code="a">ISSN RECORD</subfield></datafield><datafield ind1=" " ind2="4" tag="222"><subfield code="a">The Ballinger ledger</subfield></datafield><datafield ind1="0" ind2="4" tag="245"><subfield code="a">The Ballinger ledger.</subfield></datafield><datafield ind1=" " ind2=" " tag="260"><subfield code="a">Ballinger, Tex. :</subfield><subfield code="b">Ballinger Print. Co.,</subfield><subfield code="c">1933-</subfield></datafield><datafield ind1=" " ind2=" " tag="300"><subfield code="a">v. :</subfield><subfield code="b">ill.</subfield></datafield><datafield ind1=" " ind2=" " tag="310"><subfield code="a">Weekly</subfield></datafield><datafield ind1="0" ind2=" " tag="362"><subfield code="a">Vol. 53, no. 4 (Oct. 5, 1933)-</subfield></datafield><datafield ind1=" " ind2=" " tag="580"><subfield code="a">Merged with: The Winters Enterprise, to form: Runnels County register.</subfield></datafield><datafield ind1=" " ind2=" " tag="752"><subfield code="a">United States</subfield><subfield code="b">Texas</subfield><subfield code="c">Runnels</subfield><subfield code="d">Ballinger.</subfield></datafield><datafield ind1="0" ind2="0" tag="780"><subfield code="t">Ballinger semi-weekly ledger</subfield><subfield code="w">(DLC)sn 86088289</subfield></datafield><datafield ind1="1" ind2="7" tag="785"><subfield code="t">Winters enterprise</subfield><subfield code="x">2331-7361</subfield><subfield code="w">(DLC)sn 86089306</subfield><subfield code="w">(OCoLC)14277969</subfield></datafield><datafield ind1="1" ind2="7" tag="785"><subfield code="t">Runnels County register</subfield><subfield code="x">2475-8477</subfield><subfield code="w">(DLC)  2017200323</subfield><subfield code="w">(OCoLC)971022246</subfield></datafield></record>